replace these by your own resources

@book{diestel2017graph,
  title     = {Graph Theory},
  author    = {Reinhard Diestel},
  year      = {2017},
  edition   = {5th},
  publisher = {Springer},
  address   = {Berlin, Germany},
  isbn      = {978-3-662-53621-6}
}

@book{barabasi2016network,
  title     = {Network Science},
  author    = {Albert-László Barabási},
  year      = {2016},
  publisher = {Cambridge University Press},
  address   = {Cambridge, UK},
  isbn      = {978-1-107-07626-6}
}

@article{markovsovadynamika,
  title   = {Dynamika sietí},
  author  = {Mária Markošová},
  journal = {Umelá inteligencia a kognitívna veda II},
}